@article{pan2012refractive,
  title={Worldwide prevalence and risk factors for myopia},
  author={Pan, Chen-Wei and Ramamurthy, Dharani and Saw, Seang-Mei},
  journal={Ophthalmic and Physiological Optics},
  volume={32},
  number={1},
  pages={3--16},
  year={2012},
  publisher={Wiley Online Library}
}
@article{chauhan2022commentary,
  title={Commentary: Wavefront aberrometry-based objective refraction--Accuracy versus convenience?},
  author={Chauhan, Tulika and Sachdev, Mahipal S},
  journal={Indian Journal of Ophthalmology},
  volume={70},
  number={5},
  pages={1537--1538},
  year={2022},
  publisher={Medknow}
}
@article{holden2016global,
  title={Global prevalence of myopia and high myopia and temporal trends from 2000 through 2050},
  author={Holden, Brien A and Fricke, Timothy R and Wilson, David A and Jong, Monica and Naidoo, Kovin S and Sankaridurg, Padmaja and Wong, Tien Y and Naduvilath, Thomas J and Resnikoff, Serge},
  journal={Ophthalmology},
  volume={123},
  number={5},
  pages={1036--1042},
  year={2016},
  publisher={Elsevier}
}

@article{dandona2008population,
  title={Refractive error in children in a rural population in India},
  author={Dandona, Rakhi and Dandona, Lalit and Srinivas, Marmamula and Sahare, Prashant and Narsaiah, Saggam and Munoz, Sergio R and Pokharel, Gopal P and Ellwein, Leon B},
  journal={Investigative ophthalmology \&visual science},
  volume={43},
  number={3},
  pages={615--622},
  year={2002},
  publisher={The Association for Research in Vision and Ophthalmology}
}

@article{kawuma2014accessibility,
  title={A survey of the prevalence of refractive errors among children in lower primary schools in Kampala district},
  author={Kawuma, Medi and Mayeku, Robert},
  journal={African health sciences},
  volume={2},
  number={2},
  pages={69--72},
  year={2002}
}


@article{sherwin2012environmental,
  title={The association between time spent outdoors and myopia in children and adolescents: a systematic review and meta-analysis},
  author={Sherwin, Justin C and Reacher, Mark H and Keogh, Ruth H and Khawaja, Anthony P and Mackey, David A and Foster, Paul J},
  journal={Ophthalmology},
  volume={119},
  number={10},
  pages={2141--2151},
  year={2012},
  publisher={Elsevier}
}

@article{flitcroft2012global,
  title={The complex interactions of retinal, optical and environmental factors in myopia aetiology},
  author={Flitcroft, DI},
  journal={Progress in retinal and eye research},
  volume={31},
  number={6},
  pages={622--660},
  year={2012},
  publisher={Elsevier}
}

@article{morgan2012worldwide,
  title={Myopia},
  author={Morgan, Ian G and Ohno-Matsui, Kyoko and Saw, Seang-Mei},
  journal={The Lancet},
  volume={379},
  number={9827},
  pages={1739--1748},
  year={2012},
  publisher={Elsevier}
}

@article{muma2009prevalence,
  title={Prevalence of refractive errors among primary school pupils in Kilungu Division of Makueni District, Kenya},
  author={Muma, MK and Kimani, K and Kariuki--Wanyoike, MM and Ilako, DR and Njuguna, MW},
  journal={Medical Journal of Zambia},
  volume={36},
  number={4},
  pages={165--170},
  year={2009}
}

@article{magyezi2020eye,
  title={Eye care where there are no ophthalmologists: the Uganda experience},
  author={Magyezi, Joseph and Arunga, Simon},
  journal={Community Eye Health},
  volume={33},
  number={110},
  pages={48},
  year={2020},
  publisher={International Centre for Eye Health}
}

@article{world2019report,
    title={World report on vision},
    author={{World Health Organization}},
    journal={World report on vision},
    year={2019},
    publisher={World Health Organization}
}
@misc{masnick2004optometrist,
    title={What is an optometrist?},
    author={Masnick, Keith and Gavzey, Rosie},
    journal={Optometry and Vision Science},
    volume={81},
    number={5},
    pages={289--290},
    year={2004},
    publisher={LWW},
    doi={ 10.1097/01.OPX.0000134897.45038.E4 }, 
}

@misc{Lapaire2018Glasses,
  author = {{Lapaire Glasses}},
  title = {Lapaire Glasses Uganda Mission},
  year = {2018},
  howpublished = {\url{https://en-ug.lapaire.africa/pages/about-us}},
  note = {Accessed: 2024-05-26}
}
@article{pavol2022myopia,
  title={Myopia},
  author={Pavol, Vesely and Kamila, Kopalova},
  year={2022},
  publisher={IntechOpen}
}
@article{ali2022prevalence,
  title={Prevalence of astigmatism in school going children: a hospital-based study at Majeedia Hospital, New Delhi},
  author={Ali, Jamshed and Kumari, Ragni and Dubey, Gaurav and Afroz, Simi and Gupta, Sunil Kumar and Srivastava, Namrata and Sharma, Pratik and Kumar, Vibha},
  journal={International Journal of Community Medicine and Public Health},
  volume={9},
  number={11},
  pages={4114},
  year={2022}
}
@article{khancase,
  title={A Case study on Hypermetropia in North Uttar Pradesh Population},
  author={Khan, Hiba and Manik, RK and Singh, Anshu Kumar}
}
@inproceedings{fajrin2020electronic,
  title={Electronic Snellen Chart with Bluetooth Connection and Smartphone App},
  author={Fajrin, HR and Adnan, RN and Irfan, M and Sari, IP},
  booktitle={IOP Conference Series: Materials Science and Engineering},
  volume={851},
  number={1},
  pages={012018},
  year={2020},
  organization={IOP Publishing}
}
@article{nsubuga2016uncorrected,
  title={Uncorrected refractive errors, presbyopia and spectacle coverage in Kamuli District, Uganda},
  author={Nsubuga, Naomi and Ramson, Prasidh and Govender, Pirindha and Chan, VingFai and Wepo, Mary and Naidoo, Kovin S},
  journal={African Vision and Eye Health},
  volume={75},
  number={1},
  pages={1--6},
  year={2016},
  publisher={AOSIS}
}
@article{jonathanestimation,
  title={Estimation of the Prevalence of Myopia and other Ocular Diseases, and Access to Visual Health Care, in Uganda, Africa, as an Assessment Marker for Future Philanthropic Initiatives},
  author={Jonathan, SHADER}
}
@article{mukwanseke2021ocular,
  title={Ocular morbidityâ€”A Critical analysis to improve outpatient services in an eye department in a Sub-Saharan megacity},
  author={Mukwanseke, Edith and Kilangalanga, Janvier and Lutete, Flavien and Hopkins, Adrian and Guthoff, Rudolf F and Frech, Stefanie},
  journal={Journal of Clinical Medicine},
  volume={10},
  number={17},
  pages={3791},
  year={2021},
  publisher={MDPI}
}
@article{mulinde2022prevalence,
  title={Prevalence and risk factors for visual impairment among elderly patients attending the eye clinic at Mulago National Referral Hospital, Uganda: a cross-sectional study},
  author={Mulinde, Ben and Atukunda, Immaculate and Kawooya, Ismael and Sebabi, Francis O and Mukunya, David and Batte, Charles and Nakanjako, Damalie and Nakiyingi, Lydia and Nalukenge, Caroline and Nakubulwa, Faith and others},
  journal={African Health Sciences},
  volume={22},
  number={2},
  pages={124--32},
  year={2022}
}
@article{sumual2023evaluasi,
  title={Evaluasi Klinik Autorefraktor NIDEK TONOREF III Dibandingkan dengan Refraksi Subjektif pada Populasi Miopia Muda},
  author={Sumual, Vera and Nursalim, Ade J and Paliliewu, Stevanus and Citra, Andrew and Sahroni, Mochamad and Anggraini, Dian and Noho, Burhan},
  journal={e-CliniC},
  volume={11},
  number={2},
  pages={218--223},
  year={2023}
}


@article{katz2021presbyopia,
  title={Presbyopia--A review of current treatment options and emerging therapies},
  author={Katz, James A and Karpecki, Paul M and Dorca, Alexandra and Chiva-Razavi, Sima and Floyd, Heather and Barnes, Elizabeth and Wuttke, Mark and Donnenfeld, Eric},
  journal={Clinical Ophthalmology},
  pages={2167--2178},
  year={2021},
  publisher={Taylor \& Francis}
}
@incollection{snow2022visual,
  title={Visual Acuity as a Measurement of Visual Function},
  author={Snow, Zachary E},
  booktitle={Retinitis Pigmentosa},
  pages={141--144},
  year={2022},
  publisher={Springer}
}
@article{chauhan2022commentary,
  title={Commentary: Wavefront aberrometry-based objective refraction--Accuracy versus convenience?},
  author={Chauhan, Tulika and Sachdev, Mahipal S},
  journal={Indian Journal of Ophthalmology},
  volume={70},
  number={5},
  pages={1537--1538},
  year={2022},
  publisher={Medknow}
}
@incollection{kaur2023subjective,
  title={Subjective Refraction Techniques},
  author={Kaur, Kirandeep and Gurnani, Bharat},
  booktitle={StatPearls [Internet]},
  year={2023},
  publisher={StatPearls Publishing}
}
@article{pascal1954meaning,
  title={Meaning and application of the spherical equivalent},
  author={Pascal, Joseph I},
  journal={Clinical and Experimental Optometry},
  volume={37},
  number={4},
  pages={157--158},
  year={1954},
  publisher={Taylor \& Francis}
}
@article{kaggwa2014ophthalmic,
  title={Ophthalmic clinical officers: developments in Uganda},
  author={Kaggwa, Godfrey},
  journal={Community eye health},
  volume={27},
  number={86},
  pages={34},
  year={2014},
  publisher={International Centre for Eye Health}
}
@article{safi2018burden,
  title={Burden of vision loss in the Eastern Mediterranean region, 1990--2015: findings from the Global Burden of Disease 2015 study},
  author={Safi, Sare and Ahmadieh, Hamid and Katibeh, Marzieh and Yaseri, Mehdi and Ramezani, Alireza and Shahraz, Saeid and Moradi-Lakeh, Maziar and Khalil, Ibrahim and El Bcheraoui, Charbel and Collison, Michael and others},
  journal={International Journal of Public Health},
  pages={S199--S210},
  year={2018}
}

@article{Pradhan2018Prevalence,
    author = {Pradhan, Dr and Sachdeva, Abhishek and Goel, Tushar and Bhola, Bhumika and Jha, Dolly},
    year = {2018},
    month = {02},
    pages = {},
    title = {Prevalence of refractive errors among school children of 6-12-years of age group and reason for not using spectacles even after correction},
    journal = {International Journal of Research in Medical Sciences},
    doi = {10.18203/2320-6012.ijrms20180444}
}
@article{Katz1997prevalence,
    author = {Katz, J and Tielsch, J M and Sommer, A},
    title = "{Prevalence and risk factors for refractive errors in an adult inner city population.}",
    journal = {Investigative Ophthalmology \& Visual Science},
    volume = {38},
    number = {2},
    pages = {334-340},
    year = {1997},
    month = {02},
}



@article{abdulhussein2023vision,
    title={WHO Vision 2020: Have we done it?},
    author={Abdulhussein, Dalia and Abdul Hussein, Mina},
    journal={Ophthalmic Epidemiology},
    volume={30},
    number={4},
    pages={331--339},
    year={2023},
    publisher={Taylor \& Francis}
}

@article{thibos1997power,
  title={Power vectors: an application of Fourier analysis to the description and statistical analysis of refractive error},
  author={Thibos, Larry N and Wheeler, William and Horner, Douglas},
  journal={Optometry and vision science},
  volume={74},
  number={6},
  pages={367--375},
  year={1997},
  publisher={LWW}
}

@article{leung2012characteristics,
  title={Characteristics of astigmatism as a function of age in a Hong Kong clinical population},
  author={Leung, Tsz-Wing and Lam, Andrew Kwok-Cheung and Deng, Li and Kee, Chea-Su},
  journal={Optometry and Vision Science},
  volume={89},
  number={7},
  pages={984--992},
  year={2012},
  publisher={LWW}
}

@article{goss1983progression,
  title={Progression of myopia in youth: age of cessation},
  author={GOSS, DAVID A and WINKLER, ROBERT L},
  journal={Optometry and Vision Science},
  volume={60},
  number={8},
  pages={650--658},
  year={1983},
  publisher={LWW}
}

@article{hrynchak2013increase,
  title={Increase in myopia prevalence in clinic-based populations across a century},
  author={Hrynchak, Patricia K and Mittelstaedt, Andrea and Machan, Carolyn M and Bunn, Carla and Irving, Elizabeth L},
  journal={Optometry and Vision Science},
  volume={90},
  number={11},
  pages={1331--1341},
  year={2013},
  publisher={LWW}
}
@article{smith2009potential,
  title={Potential lost productivity resulting from the global burden of uncorrected refractive error},
  author={Smith, TST and Frick, KD and Holden, BA and Fricke, TR and Naidoo, KS},
  journal={Bulletin of the World Health Organization},
  volume={87},
  number={6},
  pages={431--437},
  year={2009},
  publisher={SciELO Public Health}
}

@article{guo2022refractive,
  title={Refractive error findings in students who failed school-based vision screening},
  author={Guo, Xinxing and Nguyen, Angeline M and Vongsachang, Hursuong and Kretz, Alyssa M and Mukherjee, M Rani and Neitzel, Amanda J and Shakarchi, Ahmed F and Friedman, David S and Repka, Michael X and Collins, Megan E},
  journal={Ophthalmic Epidemiology},
  volume={29},
  number={4},
  pages={426--434},
  year={2022},
  publisher={Taylor \& Francis}
}

@article{galvis2021definition,
  title={Definition of refractive errors for research studies: Spherical equivalent could not be enough},
  author={Galvis, Virgilio and Tello, Alejandro and Camacho, Paul A and G{\'o}mez, Luz Mar{\'\i}a and Rey, Juan Jos{\'e} and Serrano, Andr{\'e}s A},
  journal={Journal of Optometry},
  volume={14},
  number={2},
  pages={224},
  year={2021},
  publisher={Elsevier}
}
@article{wajuihian2021gender,
  title={Gender and age distribution of refractive errors in an optometric clinical population},
  author={Wajuihian, Samuel Otabor and Mashige, Khathutshelo Percy},
  journal={Journal of optometry},
  volume={14},
  number={4},
  pages={315--327},
  year={2021},
  publisher={Elsevier}
}
@article{gebremeskel2019prevalence,
  title={Prevalence of occupational injury and associated factors among building construction workers in Dessie town, Northeast Ethiopia; 2018},
  author={Gebremeskel, Teferi Gebru and Yimer, Tesfaye},
  journal={BMC research notes},
  volume={12},
  pages={1--6},
  year={2019},
  publisher={Springer}
}
@article{modenese2018occupational,
  title={Occupational exposure to solar radiation at different latitudes and pterygium: a systematic review of the last 10 years of scientific literature},
  author={Modenese, Alberto and Gobba, Fabriziomaria},
  journal={International journal of environmental research and public health},
  volume={15},
  number={1},
  pages={37},
  year={2018},
  publisher={MDPI}
}
@article{wu2020ocular,
  title={Ocular injury resulting in eye removal at a large tertiary care center in China},
  author={Wu, Han and Wang, Jing-Yi and Zhong, Xin-Cao and Shi, Xin and Wu, Yi-Hua and Ye, Juan},
  journal={International journal of ophthalmology},
  volume={13},
  number={8},
  pages={1312},
  year={2020},
  publisher={Press of International Journal of Ophthalmology}
}
@article{iyiade2012pattern,
  title={Pattern of eye diseases among welders in a Nigeria community},
  author={Iyiade, A Ajayi and Omotoye, Olusola J},
  journal={African health sciences},
  volume={12},
  number={2},
  pages={210--216},
  year={2012}
}
@article{almahmoud2019epidemiology,
  title={Epidemiology of eye injuries in a high-income developing country: an observational study},
  author={AlMahmoud, Tahra and Al Hadhrami, Sameeha M and Elhanan, Mohamed and Alshamsi, Hanan N and Abu-Zidan, Fikri M},
  journal={Medicine},
  volume={98},
  number={26},
  pages={e16083},
  year={2019},
  publisher={LWW}
}
@article{dass2012ocular,
  title={Ocular surface foreign body: Its incidence and correlation with specific occupations},
  author={Dass, Radha I and Gohel, Devdatta J},
  journal={GCSMC J Med Sci},
  volume={2},
  pages={42--45},
  year={2012}
}
@article{ankamah2018ocular,
  title={Ocular hazards among wood workers at Ashaiman Timber Market, Ghana},
  author={Ankamah-Lomotey, SA and Tchiakpe, MP and Ankamah-Lomotey, S and Nartey, ET and Nkansah, EK},
  journal={EC Opthalmology},
  volume={9},
  pages={60--71},
  year={2018}
}
@article{ezinne2021occupational,
  title={Occupational ocular injuries and utilization of eye protective devices among sawmill workers in the Ojo local government area of Lagos State, Nigeria},
  author={Ezinne, Ngozika E and Ekemiri, Kingsley K and Nwanali Daniel, Maryann A},
  journal={Vision},
  volume={5},
  number={4},
  pages={60},
  year={2021},
  publisher={MDPI}
}